<?xml version="1.0" encoding="UTF-8"?><collection xmlns="http://www.loc.gov/MARC21/slim"><record><leader>00507nam--2200157-i-4500</leader><controlfield tag="001">000006335</controlfield><controlfield tag="002">20161230</controlfield><controlfield tag="005">20161230201026</controlfield><controlfield tag="008">060222s1000------------r-----000-0-eng-d</controlfield><datafield ind1="1" ind2=" " tag="100"><subfield code="a">Cesari, Lamberto</subfield></datafield><datafield ind1="1" ind2="0" tag="245"><subfield code="a">Asymptotic behavior and stability problems in ordinary differential equations. second edition</subfield></datafield><datafield ind1=" " ind2=" " tag="260"><subfield code="a">Berlin, Springer-verlag, 1963</subfield></datafield><datafield ind1=" " ind2=" " tag="300"><subfield code="a">VIII + 271P., 37 FIG</subfield></datafield><datafield ind1=" " ind2=" " tag="490"><subfield code="a">Ergebnisse Der Mathematik Und Ihrer Grenzgebiete</subfield></datafield><datafield ind1=" " ind2=" " tag="852"><subfield code="a">18870</subfield><subfield code="c">517.9</subfield></datafield><datafield ind1=" " ind2=" " tag="CAT"><subfield code="a">Sys</subfield><subfield code="c">20080930</subfield><subfield code="h">125144</subfield></datafield></record></collection>